<?xml version="1.0" encoding="utf-8"?>
<record xmlns="http://www.loc.gov/MARC21/slim" xmlns:xsi="http://www.w3.org/2001/XMLSchema-instance" xsi:schemaLocation="http://www.loc.gov/MARC21/slim http://www.loc.gov/standards/marcxml/schema/MARC21slim.xsd">
	<leader>     nam a22        4500</leader>
	<controlfield tag="001">002059974</controlfield>
	<controlfield tag="003">NNU</controlfield>
	<controlfield tag="006">m        d        </controlfield>
	<controlfield tag="007">cr cn |||m|||a</controlfield>
	<controlfield tag="008">160802m19629999iq      ob    001 0 arar </controlfield>
	<datafield ind1=" " ind2=" " tag="040">
		<subfield code="a">NNU</subfield>
		<subfield code="b">eng</subfield>
		<subfield code="c">NNU</subfield>
	</datafield>
	<datafield ind1=" " ind2=" " tag="043">
		<subfield code="a">a-iq---</subfield>
	</datafield>
	<datafield ind1=" " ind2=" " tag="050">
		<subfield code="a">DS51.B3</subfield>
		<subfield code="b">S9</subfield>
	</datafield>
	<datafield ind1=" " ind2=" " tag="066">
		<subfield code="c">(3</subfield>
	</datafield>
	<datafield ind1=" " ind2=" " tag="090">
		<subfield code="a">DS79.9.B25</subfield>
		<subfield code="b">S88 1962</subfield>
	</datafield>
	<datafield ind1="1" ind2=" " tag="100">
		<subfield code="6">880-01</subfield>
		<subfield code="a">Suwaydī, ʻAbd al-Raḥmān ibn ʻAbd Allāh,</subfield>
		<subfield code="d">1721 or 2-1786.</subfield>
	</datafield>
	<datafield ind1="1" ind2="0" tag="245">
		<subfield code="6">880-02</subfield>
		<subfield code="a">Tārīkh Baghdād li-Ibn al-Suwaydī, aw, Ḥadīqat al-zawrāʼ fī sīrat al-wuzarāʼ</subfield>
		<subfield code="h">[electronic resource] :</subfield>
		<subfield code="b">baḥth fī tārīkh al-ʻIrāq fī al-niṣf al-awwal min al-qarn al-thāmin ʻashar, 1704-1747 M taḥta ḥukm al-wālī Ḥasan Bāshā wa-ibnih Aḥmad Bāshā /</subfield>
		<subfield code="c">taʼlīf ʻAbd al-Raḥmān ibn ʻAbd Allāh ibn al-Ḥusayn al-Suwaydī ; nashara bi-taḥqīq Safāʼ Khulūṣī.</subfield>
	</datafield>
	<datafield ind1=" " ind2=" " tag="260">
		<subfield code="6">880-03</subfield>
		<subfield code="a">Baghdād :</subfield>
		<subfield code="b">Maṭbaʻat al-Zaʻīm,</subfield>
		<subfield code="c">1962-</subfield>
	</datafield>
	<datafield ind1=" " ind2=" " tag="300">
		<subfield code="a">online resource (v.)</subfield>
	</datafield>
	<datafield ind1=" " ind2=" " tag="500">
		<subfield code="a">Cover title: History of Baghdad in the first half of the XVIIIth century.</subfield>
	</datafield>
	<datafield ind1=" " ind2=" " tag="500">
		<subfield code="a">Part of the Arabic Collections Online (ACO) project, contributed by New York Univeristy Libraries.</subfield>
	</datafield>
	<datafield ind1=" " ind2=" " tag="504">
		<subfield code="a">Includes bibliographical references and indexes.</subfield>
	</datafield>
	<datafield ind1=" " ind2=" " tag="533">
		<subfield code="a">Electronic reproduction.</subfield>
		<subfield code="b">New York, N.Y. :</subfield>
		<subfield code="c">New York University,</subfield>
		<subfield code="d">2016.</subfield>
		<subfield code="5">NNU</subfield>
	</datafield>
	<datafield ind1=" " ind2="0" tag="651">
		<subfield code="a">Baghdad (Iraq)</subfield>
		<subfield code="x">History.</subfield>
	</datafield>
	<datafield ind1="1" ind2=" " tag="700">
		<subfield code="6">880-04</subfield>
		<subfield code="a">Khulusi, Safa.</subfield>
	</datafield>
	<datafield ind1="2" ind2=" " tag="710">
		<subfield code="a">New York University.</subfield>
		<subfield code="b">Libraries.</subfield>
	</datafield>
	<datafield ind1="0" ind2=" " tag="730">
		<subfield code="a">Arabic Collections Online.</subfield>
	</datafield>
	<datafield ind1="0" ind2=" " tag="740">
		<subfield code="a">Ḥadīqat al-zawrāʼ fī sīrat al-wuzarāʼ.</subfield>
	</datafield>
	<datafield ind1="0" ind2=" " tag="740">
		<subfield code="a">History of Baghdad in the first half of the XVIII century.</subfield>
	</datafield>
	<datafield ind1="0" ind2="8" tag="776">
		<subfield code="i">Print version:</subfield>
		<subfield code="a">Suwaydī, ʻAbd al-Raḥmān ibn ʻAbd Allāh, 1721 or 2-1786.</subfield>
		<subfield code="t">Tārīkh Baghdād li-Ibn al-Suwaydī, aw, Ḥadīqat al-zawrāʼ fī sīrat al-wuzarāʼ</subfield>
		<subfield code="w">(NNU)002059974</subfield>
		<subfield code="w">(DLC)ne 64000596</subfield>
	</datafield>
	<datafield ind1="4" ind2="0" tag="856">
		<subfield code="u">http://hdl.handle.net/2333.1/70rxwgtd</subfield>
	</datafield>
	<datafield ind1="0" ind2=" " tag="880">
		<subfield code="6">100-01/</subfield>
		<subfield code="a">عبد الرحمن بن عبد الله بن الحسين السويدي.</subfield>
	</datafield>
	<datafield ind1="1" ind2="0" tag="880">
		<subfield code="6">245-02/</subfield>
		<subfield code="a">تاريخ بغداد لابن السويدي، أو، حديقة الزوراء في سيرة الوزراء :</subfield>
		<subfield code="b">بحث في تاريخ العراق في النصف الاول من القرن الثامن عشر ١٧٠٤-١٧٤٧ م تحت حكم الوالي حسن باشا وابنه احمد باشا /</subfield>
		<subfield code="c">تأليف عبد الرحمن بن عبد الله بن الحسين السويدي ؛ نشر بتحقيق صفاء خلوصي.</subfield>
	</datafield>
	<datafield ind1=" " ind2=" " tag="880">
		<subfield code="6">260-03/</subfield>
		<subfield code="a">بغداد :</subfield>
		<subfield code="b">مطبعة الزعيم،</subfield>
		<subfield code="c">١٩٦٢-</subfield>
	</datafield>
	<datafield ind1="0" ind2=" " tag="880">
		<subfield code="6">700-04/</subfield>
		<subfield code="a">صفاء خلوصي.</subfield>
	</datafield>
	<datafield ind1=" " ind2=" " tag="959">
		<subfield code="a">NNU</subfield>
		<subfield code="b">WEB</subfield>
		<subfield code="c">GENI</subfield>
		<subfield code="t">0</subfield>
		<subfield code="m">Electronic access</subfield>
		<subfield code="s">01</subfield>
	</datafield>
	<datafield ind1=" " ind2=" " tag="999">
		<subfield code="i">NNU_002059974</subfield>
		<subfield code="s">nyu_aco001068:v.1</subfield>
	</datafield>
</record>
